@article{Kejuruteraan2018,
author = {Kejuruteraan, Fakulti Teknologi and Teknikal, Universiti and Group, Name O F and Number, Matrix and Of, Name and Stamp, Verification and Marks, Total},
file = {:C$\backslash$:/Users/Ashlin/Downloads/Instrument{\_}Calibration{\_}over{\_}a{\_}regime.pdf:pdf},
mendeley-groups = {General calibration},
pages = {1--7},
title = {{Instrument Calibration}},
year = {2018}
}
